

@book{mitzenmacher2005probability,
  author    = {Michael Mitzenmacher and
               Eli Upfal},
  title     = {Probability and computing - randomized algorithms and probabilistic
               analysis},
  publisher = {Cambridge University Press},
  year      = {2005},
  isbn      = {978-0-521-83540-4},
}

@book{papadimitriou1994complexity,
  author    = {Christos H. Papadimitriou},
  title     = {Computational complexity},
  publisher = {Addison-Wesley},
  year      = {1994},
  isbn      = {978-0-201-53082-7},
}


@inproceedings{bellare1997concrete,
  author    = {Mihir Bellare and
               Anand Desai and
               E. Jokipii and
               Phillip Rogaway},
  title     = {A Concrete Security Treatment of Symmetric Encryption},
  booktitle = {{FOCS}},
  pages     = {394--403},
  publisher = {{IEEE} Computer Society},
  year      = {1997},
  note      = {Full version available under \url{http://web.cs.ucdavis.edu/~rogaway/papers/sym-enc.pdf}}
}

@inproceedings{berndt2016optimal,
  author    = {Sebastian Berndt and
               Maciej Li{\'{s}}kiewicz},
  title     = {Provable Secure Universal Steganography of Optimal Rate: Provably
               Secure Steganography does not Necessarily Imply One-Way Functions},
  booktitle = {IH{\&}MMSec},
  pages     = {81--92},
  publisher = {{ACM}},
  year      = {2016}
}
@inproceedings{berndt2016pattern,
  author    = {Sebastian Berndt and
               R{\"{u}}diger Reischuk},
  title     = {Steganography Based on Pattern Languages},
  booktitle = {{LATA}},
  series    = {Lecture Notes in Computer Science},
  volume    = {9618},
  pages     = {387--399},
  publisher = {Springer},
  year      = {2016}
}

@book{lindell2007introduction,
  author    = {Jonathan Katz and
               Yehuda Lindell},
  title     = {Introduction to Modern Cryptography},
  publisher = {Chapman and Hall/CRC Press},
  year      = {2007}
}

@article{diffie1976publickey,
  author    = {Whitfield Diffie and
               Martin E. Hellman},
  title     = {New directions in cryptography},
  journal   = {{IEEE} Transactions on Information Theory},
  volume    = {22},
  number    = {6},
  pages     = {644--654},
  year      = {1976}
}

@article{hopper2009provably,
  author    = {Nicholas J. Hopper and
               Luis {von Ahn} and
               John Langford},
  title     = {Provably Secure Steganography},
  journal   = {{IEEE} Trans. Computers},
  volume    = {58},
  number    = {5},
  pages     = {662--676},
  year      = {2009}
}

@inproceedings{backes2005active,
  author    = {Michael Backes and
               Christian Cachin},
  title     = {Public-Key Steganography with Active Attacks},
  booktitle = {{TCC}},
  series    = {Lecture Notes in Computer Science},
  volume    = {3378},
  pages     = {210--226},
  publisher = {Springer},
  year      = {2005}
}

@article{dedic2009lower,
  author    = {Nenad Dedic and
               Gene Itkis and
               Leonid Reyzin and
               Scott Russell},
  title     = {Upper and Lower Bounds on Black-Box Steganography},
  journal   = {J. Cryptology},
  volume    = {22},
  number    = {3},
  pages     = {365--394},
  year      = {2009}
}

@article{liskiewicz2013grey,
  author    = {Maciej Li{\'{s}}kiewicz and
               R{\"{u}}diger Reischuk and
               Ulrich W{\"{o}}lfel},
  title     = {Grey-box steganography},
  journal   = {Theor. Comput. Sci.},
  volume    = {505},
  pages     = {27--41},
  year      = {2013}
}

@inproceedings{lysyanskaya2006imperfect,
  author    = {Anna Lysyanskaya and
               Mira Meyerovich},
  title     = {Provably Secure Steganography with Imperfect Sampling},
  booktitle = {Public Key Cryptography},
  series    = {Lecture Notes in Computer Science},
  volume    = {3958},
  pages     = {123--139},
  publisher = {Springer},
  year      = {2006}
}


@inproceedings{canetti2003relaxing,
  author    = {Ran Canetti and
               Hugo Krawczyk and
               Jesper Buus Nielsen},
  title     = {Relaxing Chosen-Ciphertext Security},
  booktitle = {{CRYPTO}},
  pages     = {565--582},
  year      = {2003}
}

@inproceedings{katzenbeisser2002defining,
  author    = {Stefan Katzenbeisser and
               Fabien A. P. Petitcolas},
  title     = {Defining security in steganographic systems},
  booktitle = {Security and Watermarking of Multimedia Contents},
  series    = {{SPIE} Proceedings},
  volume    = {4675},
  pages     = {50--56},
  publisher = {{SPIE}},
  year      = {2002}
}

@inproceedings{hopper2002provably,
  author    = {Nicholas J. Hopper and
               John Langford and
               Luis {von Ahn}},
  title     = {Provably Secure Steganography},
  booktitle = {{CRYPTO}},
  series    = {Lecture Notes in Computer Science},
  volume    = {2442},
  pages     = {77--92},
  publisher = {Springer},
  year      = {2002}
}


@phdthesis{hopper2004toward,
  title={Toward a theory of Steganography},
  author={Hopper, Nicholas J},
  year={2004},
  institution={CMU-CS-04-157, Carnegie Mellon Univ.}
}

@inproceedings{anderson1996limits,
  author    = {Ross J. Anderson},
  title     = {Stretching the Limits of Steganography},
  booktitle = {Information Hiding},
  series    = {Lecture Notes in Computer Science},
  volume    = {1174},
  pages     = {39--48},
  publisher = {Springer},
  year      = {1996}
}

@inproceedings{cachin1998information,
  title={An information-theoretic model for steganography},
  author={Cachin, Christian},
  booktitle = {Proc. Information Hiding (IH)},
  pages={306--318},
  year={1998},
  publisher={Springer}
}

@book{fridrich2009steganography,
  title={Steganography in digital media: principles, algorithms, and applications},
  author={Fridrich, Jessica},
  year={2009},
  publisher={Cambridge University Press}
}

@inproceedings{ker2013moving,
  title={Moving steganography and steganalysis from the laboratory into the real world},
  author={Ker, Andrew D. and Bas, Patrick and B{\"o}hme, Rainer and Cogranne, R{\'e}mi and Craver, Scott and Filler, Tom{\'a}{\v{s}} and Fridrich, Jessica and Pevn{\`y}, Tom{\'a}{\v{s}}},
  booktitle={Proc. Information Hiding and Multimedia Security (IH\&MMSec)},
  pages={45--58},
  year={2013},
  organization={ACM}
}

@inproceedings{filler2009squaremarkov,
  author    = {Tom{\'a}{\v{s}} Filler and
               Andrew D. Ker and
               Jessica J. Fridrich},
  title     = {The square root law of steganographic capacity for Markov covers},
  booktitle = {Proc. Media Forensics and Security I},
  pages     = {725408},
  year      = {2009},
}

@inproceedings{ker2008square,
  author    = {Andrew D. Ker and
               Tom{\'{a}}s Pevn{\'{y}} and
               Jan Kodovsk{\'{y}} and
               Jessica Fridrich},
  title     = {The square root law of steganographic capacity},
  booktitle = {Proc. Multimedia Sec. (MMSec)},
  pages     = {107--116},
  year      = {2008},
  organization ={ACM},
  timestamp = {Tue, 25 Nov 2008 08:12:40 +0100},
  biburl    = {http://dblp.uni-trier.de/rec/bib/conf/mmsec/KerPKF08},
  bibsource = {dblp computer science bibliography, http://dblp.org}
}



@article{goldreich1992sparse,
  title={Sparse Pseudorandom Distributions},
  author={Goldreich, Oded and Krawczyk, Hugo},
  journal={Random Structures and Algorithms},
  volume={3},
  number={2},
  year={1992}
}

@article{goldreich1986construct,
  title={How to construct random functions},
  author={Goldreich, Oded and Goldwasser, Shafi and Micali, Silvio},
  journal={Journal of the ACM (JACM)},
  volume={33},
  number={4},
  pages={792--807},
  year={1986},
  publisher={ACM}
}

@book{goldreich2004foundations,
  author    = {Oded Goldreich},
  title     = {The Foundations of Cryptography - Volume 2, Basic Applications},
  publisher = {Cambridge University Press},
  year      = {2004},
  timestamp = {Sat, 26 Nov 2011 13:22:55 +0100},
  biburl    = {http://dblp.uni-trier.de/rec/bib/books/cu/Goldreich2004},
  bibsource = {dblp computer science bibliography, http://dblp.org}
}
